@String{sv = {Springer}}
@String{lncs = {LNCS}}
@String{ieee = {{IEEE Computer Society Press}}}
@STRING{acm = {ACM Press}}
@STRING{sigsam = {SIGSAM Bulletin}}
@STRING{ifac = {IFAC-PapersOnLine}}

@article{asarin*:hybridization,
  author    = {E. Asarin and T. Dang and A. Girard},
  title     = {Hybridization methods for the analysis of nonlinear systems},
  journal   = {Acta Informatica},
  volume    = {43},
  number    = {7},
  year      = {2007},
  pages     = {451--476}
}

@inproceedings{althoff*:linearization,
  author    = {M. Althoff and O. Stursberg and M. Buss},
  title     = {Reachability analysis of nonlinear systems with uncertain parameters using conservative linearization},
  booktitle  = {Proc.\ of the 47th IEEE Conf.\ on Decision and Control (CDC'08)},
  year      = {2008},
  pages     = {4042--4048},
  publisher =  ieee,
}


@article{hyson,
  author    = {Olivier Bouissou and
               Alexandre Chapoutot and
               Samuel Mimram},
  title     = {Computing Flowpipe of Nonlinear Hybrid Systems with Numerical Methods},
  journal   = {CoRR},
  volume    = {abs/1306.2305},
  year      = {2013},
  url       = {http://arxiv.org/abs/1306.2305},
}

@InProceedings{challenges,
	author = {Stefan Schupp and Erika {\'A}brah{\'a}m and Xin Chen and 
		Ibtissem Ben Makhlouf and Goran Frehse and Sriram Sankaranarayanan and 
Stefan Kowalewski},
 title = {Current Challenges in the Verification of Hybrid Systems},
 booktitle = {Proc.\ of the 5th Int.\ Workshop on Design, Modeling, and Evaluation of Cyber Physical Systems (CyPhy'15)},
 pages = {8--24},
 year = {2015},
 volume = {9361},
 series = {Information Systems and Applications, incl. Internet/Web, and HCI},
 publisher = sv,
}

@inproceedings{immler:isabelle_hol,
  author    = {Fabian Immler},
  title     = {Tool Presentation: Isabelle/HOL for Reachability Analysis of Continuous Systems},
  booktitle = {ARCH14-15. 1st and 2nd International Workshop on Applied veRification for Continuous and Hybrid Systems},
  editor    = {Goran Frehse and Matthias Althoff},
  series    = {EPiC Series in Computer Science},
  volume    = {34},
  pages     = {180-187},
  year      = {2015},
  publisher = {EasyChair},
  bibsource = {EasyChair, http://www.easychair.org},
  issn      = {2040-557X}}


@Misc{hyreach_home,
  key = 	 {hyreach},
  title = 	 {\hyreach home page},
  howpublished = {\url{https://embedded.rwth-aachen.de/doku.php?id=en:tools:hyreach}},
}

@Misc{isatode_home,
  key = 	 {isatode},
  title = 	 {\isatode home page},
  howpublished = {\url{http://www.avacs.org/tools/isatode/}},
}

@Misc{hsolver_home,
  key = 	 {hsolver},
  title = 	 {\hsolver home page},
  howpublished = {\url{http://hsolver.sourceforge.net/}},
}

@Misc{ariadne_home,
  key = 	 {ariadne},
  title = 	 {\ariadne home page},
  howpublished = {\url{http://www.swmath.org/software/6670}},
}

@Misc{cora_home,
  key = 	 {cora},
  title = 	 {\cora home page},
  howpublished = {\url{http://www6.in.tum.de/Main/SoftwareCORA}},
}

@Misc{ctwoetwo_home,
  key = 	 {c2e2},
  title = 	 {\ctwoetwo home page},
  howpublished = {\url{http://publish.illinois.edu/c2e2-tool/}},
}

@Misc{dreal_home,
  key = 	 {dreal},
  OPTauthor = 	 {},
  title = 	 {\dreal home page},
  howpublished = {\url{https://dreal.github.io/}},
  OPTmonth = 	 {},
  OPTyear = 	 {},
  OPTnote = 	 {},
  OPTannote = 	 {}
}

@Misc{dreach_home,
  key = 	 {dreach},
  OPTauthor = 	 {},
  title = 	 {\dreach home page},
  howpublished = {\url{http://dreal.github.io/dReach/}},
  OPTmonth = 	 {},
  OPTyear = 	 {},
  OPTnote = 	 {},
  OPTannote = 	 {}
}

@Misc{flowstar_home,
  key = 	 {flowstar},
  OPTauthor = 	 {},
  title = 	 {\flowstar home page},
  howpublished = {\url{http://systems.cs.colorado.edu/research/cyberphysical/taylormodels/}},
  OPTmonth = 	 {},
  OPTyear = 	 {},
  OPTnote = 	 {},
  OPTannote = 	 {}
}

@Misc{spaceex_home,
  key = 	 {spaceex},
  OPTauthor = 	 {},
  title = 	 {\spaceex home page},
  howpublished = {\url{http://spaceex.imag.fr/}},
  OPTmonth = 	 {},
  OPTyear = 	 {},
  OPTnote = 	 {},
  OPTannote = 	 {}
}

@Misc{hycreate_home,
  key = 	 {hycreate},
  OPTauthor = 	 {},
  title = 	 {\hycreate home page},
  howpublished = {\url{http://stanleybak.com/projects/hycreate/hycreate.html}},
  OPTmonth = 	 {},
  OPTyear = 	 {},
  OPTnote = 	 {},
  OPTannote = 	 {}
}

@Misc{keymaera_home,
  key = 	 {keymaera},
  OPTauthor = 	 {},
  title = 	 {\keymaera home page},
  howpublished = {\url{http://symbolaris.com/info/KeYmaera.html}},
  OPTmonth = 	 {},
  OPTyear = 	 {},
  OPTnote = 	 {},
  OPTannote = 	 {}
}

@Misc{nltoolbox_home,
  key = 	 {nltoolbox},
  OPTauthor = 	 {},
  title = 	 {\nltoolbox home page},
  howpublished = {\url{http://www-verimag.imag.fr/~tdang/NLTOOLBOX/}},
  OPTmonth = 	 {},
  OPTyear = 	 {},
  OPTnote = 	 {},
  OPTannote = 	 {}
}


@Misc{soapbox_home,
  key = 	 {soapbox},
  OPTauthor = 	 {},
  title = 	 {\soapbox home page},
  howpublished = {\url{https://vhome.offis.de/willemh/soapbox/}},
  OPTmonth = 	 {},
  OPTyear = 	 {},
  OPTnote = 	 {},
  OPTannote = 	 {}
}


@inproceedings{soapbox,
  author = {Willem Hagemann and Eike M{\"o}hlmann and Astrid Rakow},
  title = {Verifying a {PI} Controller using {SoapBox} and {Stabhyli}: {E}xperiences on Establishing Properties for a Steering Controller},
  year = {2014},
  abstract = {In the following we describe practical experiences on verifying a steering controller specification. The hybrid automaton implements a PI control rule and considers the vehicle's velocity as input from the environment. By combining the tools Stabhyli and SoapBox, we establish several safety and liveness properties for the steering controller, including convergence towards an equilibrium.},
  booktitle = {1st Int.\ Workshops on Applied Verification for Continuous and Hybrid Systems (ARCH'14)},
series    = {EPiC Series in Computer Science},
  volume    = {34},
  publisher = {EasyChair},
  }

@article{sop,
year={2015},
issn={1661-8270},
journal={Mathematics in Computer Science},
volume={9},
number={3},
title={Efficient Geometric Operations on Convex Polyhedra, with an Application to Reachability Analysis of Hybrid Systems},
publisher=sv,
author={Hagemann, Willem},
pages={283--325},
language={English}
}

@inproceedings{althoff:avoiding,
 author = {Althoff, Matthias and Krogh, Bruce H.},
 title = {Avoiding Geometric Intersection Operations in Reachability Analysis of Hybrid Systems},
 booktitle = {Proc.\ of the 15th ACM Int.\ Conf.\ on Hybrid Systems: Computation and Control (HSCC'12)},
 year = {2012},
 isbn = {978-1-4503-1220-2},
 pages = {45--54},
 numpages = {10},
 acmid = {2185643},
 publisher = acm,
 keywords = {guard intersection, hybrid systems, reachability analysis, safety, zonotopes},
} 

@incollection{ctwoetwo,
year={2015},
isbn={978-3-662-46680-3},
booktitle={Proc.\ of the 21th Int.\ Conf.\ on Tools and Algorithms for the Construction and Analysis of Systems (TACAS'15)},
volume={9035},
series=lncs,
title={{C2E2}: {A} Verification Tool for {S}tateflow Models},
publisher=sv,
author={Duggirala, ParasaraSridhar and Mitra, Sayan and Viswanathan, Mahesh and Potok, Matthew},
pages={68--82},
language={English}
}

@inproceedings{alur*:abstraction,
year={2002},
isbn={978-3-540-43321-7},
booktitle={Proc.\ of the 5th Int.\ Workshop on Hybrid Systems: Computation and Control (HSCC'02)},
volume={2289},
series=lncs,
title={Reachability Analysis of Hybrid Systems via Predicate Abstraction},
publisher=sv,
author={Alur, Rajeev and Dang, Thao and Ivancic, Franjo},
pages={35--48},
language={English}
}


@inproceedings{nltoolbox,
year={2013},
isbn={978-3-319-02443-1},
booktitle={Proc.\ of the 11th Int.\ Symposium on Automated Technology for Verification and Analysis (ATVA'13)},
volume={8172},
series=lncs,
title={{NLTOOLBOX}: {A} Library for Reachability Computation of Nonlinear Dynamical Systems},
publisher=sv,
author={Testylier, Romain and Dang, Thao},
pages={469--473},
language={English}
}

@inproceedings{FR09,
  author    = {G. Frehse and R. Ray},
  title     = {Design principles for an extendable verification tool for hybrid systems},
  BOOKTITLE  = {Proc.\ of ADHS'09},
  publisher = ifac,
  pages    = "244--249",
  year      = {2009}
}

@inproceedings{Girard05,
  Author = {Girard, Antoine},
  title     = {Reachability of Uncertain Linear Systems Using Zonotopes},
  year      = {2005},
  pages     = {291--305},
  booktitle={Proc.\ of HSCC'05},
	Publisher = sv,
	Series = lncs,
	Volume = {3414},
}



@phdthesis{le2009reachability,
	title={Reachability analysis of hybrid systems with linear continuous dynamics},
	author={Le Guernic, Colas},
	year={2009},
	school={Universit{\'e} Joseph-Fourier-Grenoble I, France}
}

@inproceedings{ChenAS12:taylor_models,
	Author = {X. Chen and E. {\'A}brah{\'a}m and S. Sankaranarayanan},
	Booktitle = {Proc.\ of RTSS'12},
	Pages = {183--192},
	Publisher = {IEEE Computer Society},
	Title = {Taylor Model Flowpipe Construction for Non-linear Hybrid Systems},
	Year = {2012}
}


@inproceedings{Frehse2015,
author={Frehse, Goran},
booktitle={Proc.\ of EMSOFT'15},
title={Reachability of Hybrid Systems in Space-Time},
year={2015},
pages={41--50},
organization={IEEE Press}
}

@inproceedings{silva2001,
author={B.I. Silva  and O. Stursberg and B.H. Krogh  and  S. Engell},
booktitle={Decision and Control, 2001. Proceedings of the 40th IEEE Conference on},
title={An assessment of the current status of algorithmic approaches to the verification of hybrid systems},
year={2001},
month={},
volume={3},
pages={2867-2874 vol.3}
}

@inproceedings{Makhlouf2006,
  author = {I. {Ben Makhlouf} and S. Kowalewski},
  title = {An evaluation of two recent reachability analysis tools for hybrid
	systems},
  booktitle = {2nd IFAC Conference on Analysis and Design of Hybrid Systems},
  year = {2006}
}

@inproceedings{Makhlouf2009,
  author = {I. {Ben Makhlouf} and S. Kowalewski and M. {Ch\'{a}vez Grunewald} and D.
	Abel},
  title = { Safety Assessment of Networked Vehicle Platoon Controllers-- Practical
	Experiences With Available Tools },
  booktitle = {Proc.\ of the 3rd IFAC Conf.\ on Analysis and Design of Hybrid Systems (ADHS'09)},
  year = { 2009 }
}


@misc{ARCH-benchmarks,
	Author = {Althoff, Matthias and Frehse, Goran},
	Date-Added = {2014-11-14 21:44:30 +0000},
	Date-Modified = {2014-11-14 21:50:03 +0000},
	Title = {Benchmarks of the Workshop on Applied Verification of Continuous and Hybrid Systems ({ARCH})},
	Url = {http://cps-vo.org/group/ARCH/benchmarks},
	Year = {2014}}

@misc{fehnker-benchmarks,
	Author = {Fehnker, Ansgar and Ivancic, Franjo},
	Title = {Benchmarks for hybrid systems verification},
	Url = {http://staff.usp.ac.fj/~fehnker_a/benchmark/},
	Year = {2004}}

@inproceedings{DBLP:conf/hybrid/FehnkerI04,
	Author = {Fehnker, Ansgar and Ivancic, Franjo},
	Booktitle = {Proc.\ of HSCC'04},
	Pages = {326--341},
	Title = {Benchmarks for Hybrid Systems Verification},
	Year = {2004},
	Publisher = sv,
	Series = lncs,
	Volume = {2993},
}

@article{AlthoffK13,
	Author = {Althoff, M. and Krogh, B.},
	Date-Added = {2014-11-14 21:24:42 +0000},
	Date-Modified = {2014-11-14 21:24:42 +0000},
	Issn = {0018-9286},
	Journal = {IEEE Trans.\ on Automatic Control},
	Keywords = {Differential equations;Equations;Indexes;Linear systems;Mathematical model;Reachability analysis;Vectors;Rechability analysis;formal safety verification;nonlinear differential-algebraic (DAEs);power systems;zonotopes},
	Number = {2},
	Pages = {371--383},
	Title = {Reachability Analysis of Nonlinear Differential-Algebraic Systems},
	Volume = {59},
	Year = {2014},
}

@inproceedings{bouissou_et_al_nfm_13,
	Author = {Bouissou, Olivier and Chapoutot, Alexandre and Djoudi, Adel},
	Booktitle = {Proc.\ of NFM'13},
	Date-Added = {2014-11-14 21:23:22 +0000},
	Date-Modified = {2014-11-14 21:23:22 +0000},
	Isbn = {978-3-642-38087-7},
	Pages = {108--123},
	Publisher = sv,
	Series = lncs,
	Title = {Enclosing Temporal Evolution of Dynamical Systems Using Numerical Methods},
	Volume = {7871},
	Year = {2013},
}

@article{LeGuernicG10,
	Author = {Le Guernic, Colas and Girard, Antoine},
	Date-Added = {2014-11-14 21:15:46 +0000},
	Date-Modified = {2014-11-14 21:15:46 +0000},
	Journal = {Nonlinear Analysis: Hybrid Systems},
	Number = {2},
	Pages = {250--262},
	Publisher = {Elsevier},
	Title = {Reachability Analysis of Linear Systems using Support Functions},
	Volume = {4},
	Year = {2010}}


@inproceedings{stc,
  author    = {G. Frehse and R. Kateja and C. {Le Guernic}},
  title     = {Flowpipe Approximation and Clustering in Space-time},
  booktitle = {Proc.\ of HSCC'13},
  year      = {2013},
  pages     = {203--212},
  publisher = {ACM}
}

@inproceedings{Althoff13,
	Author = {Althoff, Matthias},
	Booktitle = {Proc.\ of HSCC'13},
	Date-Added = {2014-11-14 21:15:26 +0000},
	Date-Modified = {2014-11-14 21:15:26 +0000},
	Organization = {ACM},
	Pages = {173--182},
	Title = {Reachability Analysis of Nonlinear Systems using Conservative Polynomialization and Non-convex Sets},
	Year = {2013}}

@article{Althoff2009b,
	Author = {M. Althoff and O. Stursberg and M. Buss},
	Date-Added = {2014-11-14 21:15:21 +0000},
	Date-Modified = {2014-11-14 21:15:21 +0000},
	Journal = {Nonlinear Analysis: Hybrid Systems},
	Number = {2},
	Pages = {233--249},
	Title = {Computing Reachable Sets of Hybrid Systems Using a Combination of Zonotopes and Polytopes},
	Volume = {4},
	Year = {2010}}

@inproceedings{FrehseLGDRLRGDM11,
	Author = {Goran Frehse and Colas Le Guernic and Alexandre Donz{\'e} and Rajarshi Ray and Olivier Lebeltel and Rodolfo Ripado and Antoine Girard and Thao Dang and Oded Maler},
	Booktitle = {Proc.\ of CAV'11},
        pages = {379--395},
	Publisher = sv,
	Series = lncs,
        volume = {6806},
	Title = {{SpaceEx}: {S}calable Verification of Hybrid Systems},
	Year = {2011}}

@inproceedings{Hiskens01,
	Author = {Ian A. Hiskens},
	Booktitle = {Proc.\ of HICSS'01},
	Pages = {163--328},
	Title = {Stability of Limit Cycles in Hybrid Systems},
	Year = {2001}}
	
@incollection{alurTimed99,
year={1999},
isbn={978-3-540-66202-0},
booktitle={Proc.\ of CAV'99},
volume={1633},
series=lncs,
title={Timed Automata},
publisher=sv,
author={Alur, Rajeev},
pages={8-22},
language={English}
}

@phdthesis{oehlerking11,
	xAddress = {Germany},
	Author = {Jens Oehlerking},
	xNote = {Supervisors: Prof.~Dr.~Oliver Theel and Prof.~Dr.~Martin Fr{\"a}nzle},
	School = {Carl von Ossietz\-ky Universit{\"a}t Oldenburg, Germany},
	Title = {Decomposition of Stability Proofs for Hybrid Systems},
	xType = {Doctoral Dissertation},
	Year = {2011}}

@techreport{bey11,
	Author = {Bey, Alina and Leue, Stefan},
	Title = {Modeling and Analyzing Spike Timing Dependent Plasticity with Linear Hybrid Automata},
	Year = {2011}}

@inproceedings{Chen+White/2000/line_circuits,
	Author = {Y. Chen and J. White},
	Booktitle = {Proc.\ of MSM'00},
	Pages = {477--480},
	Title = {A Quadratic Method for Nonlinear Model Order Reduction},
	Year = {2000},
  publisher = {Nano Science and Technology Institute}
}

@inproceedings{Chen+/2012/taylor_models,
	Author = {X. Chen and E. {\'A}brah{\'a}m and S. Sankaranarayanan},
	Booktitle = {Proc.\ of RTSS'12},
	Pages = {183--192},
	Publisher = ieee,
	Title = {Taylor Model Flowpipe Construction for Non-linear Hybrid Systems},
	Year = {2012}
}

@inproceedings{Chen+/2013/flowstar,
	Author = {X. Chen and E. {\'A}brah{\'a}m and S. Sankaranarayanan},
	Booktitle = {Proc.\ of CAV'13},
	Pages = {258--263},
	Publisher = sv,
	Series = lncs,
	Title = {Flow*: {A}n Analyzer for Non-linear Hybrid Systems},
	Volume = {8044},
	Year = {2013}}

@inproceedings{Chen+/underapproximation,
	Author = {X. Chen and S. Sankaranarayanan and E. \'{A}brah\'{a}m},
	Booktitle = {Proc.\ of FMCAD'14},
	Pages = {59--66},
	Title = {Under-approximate Flowpipes for Non-linear Continuous Systems},
	Year = {2014}}

@phdthesis{Chen/2015/phd,
	author	= {X. Chen},
	title		= {Reachability Analysis of Non-Linear Hybrid Systems Using Taylor Models},
	year		= {2015},
	school	= {RWTH Aachen University, Germany}
}

@inproceedings{Alur+/1998/member_questions,
  author    = {R. Alur and R. P. Kurshan and M. Viswanathan},
  title     = {Membership Questions for Timed and Hybrid Automata},
  booktitle = {Proc.\ of RTSS'98},
  pages     = {254--263},
  year      = {1998},
  publisher = ieee,
}


@book{Izhikevich/2010/neurons,
	Author = {E. M. Izhikevich},
	Publisher = {The MIT Press},
	Title = {Dynamical Systems in Neuroscience: {T}he Geometry of Excitability and Bursting},
	Year = {2010}}

@incollection{Brockett/1982/nonholonomic,
	Author = {R. W. Brockett},
	Booktitle = {New Directions in Applied Mathematics},
	Pages = {11--27},
	Publisher = sv,
	Title = {Control Theory and Singular {R}iemannian Geometry},
	Year = {1982}}

@article{Hespanha+Morse/1999/nonholonomic_integrator,
	Author = {J. P. Hespanha and A. S. Morse},
	Journal = {Automatica},
	Number = {3},
	Pages = {385--393},
	Title = {Stabilization of Nonholonomic Integrators via Logic-based Switching},
	Volume = {35},
	Year = {1999}}

@inproceedings{Goebel+/2004/nolcos,
	Author = {R. Goebel and J. Hespanha and A. R. Teel and C. Cai and R. Sanfelice},
	Booktitle = {Proc.\ of NOLCOS'04},
	Pages = {1--12},
	Title = {Hybrid systems: {G}eneralized Solutions and Robust Stability},
	Year = {2004}}

@article{Bergman+/1979/diabetic_model,
	Author = {R. N. Bergman and Y. Z. Ider and C. R. Bowden and C. Cobelli},
	Journal = {The American Journal of Physiology},
	Pages = {E667---677},
	Title = {Quantitative Estimation of Insulin Sensitivity},
	Volume = {236},
        number = {6},
	Year = {1979}}

@article{Fisher/1991/diabetic_model,
	Author = {M. E. Fisher},
	Journal = {IEEE Trans.\ on Biomedical Engineering},
	Number = {1},
	Pages = {57--61},
	Title = {A Semiclosed-loop Algorithm for the Control of Blood Glucose Levels in Diabetics},
	Volume = {38},
	Year = {1991}}

@article{Chisholm+/1984/diabetic_model,
	Author = {D. J. Chisholm and E. W. Kraegen and D. J. Bell and D. R. Chipps},
	Journal = {The Medical Journal of Australia},
	Pages = {784--789},
	Title = {A Semi-closed Loop Computer-assisted Insulin Infusion System},
	Volume = {141},
	Year = {1984}}

@article{Furler+/1985/diabetic_model,
	Author = {S. M. Furler and E. W. Kraegen and R. H. Smallwood and D. J. Chisholm},
	Journal = {Diabetes Care},
	Pages = {553--561},
	Title = {Blood Glucose Control by Intermittent Loop Closure in the Basal Mode: {C}omputer Simulation Studies with a Diabetic Model},
	Volume = {8},
	Year = {1985}}

@phdthesis{Gao/2012/phd,
	Author = {S. Gao},
	School = {Carnegie Mellon University},
	Title = {Computable Analysis, Decision Procedures, and Hybrid Automata: {A} New Framework for the Formal Verification of Cyber-Physical Systems},
	Year = {2012}}


@Misc{benchmarksite,
  key = 	 {Benchmarks},
  OPTauthor = 	 {},
  title = 	 {Benchmarks of Continuous and Hybrid Systems},
  xxhowpublished = {},
  url = {http://ths.rwth-aachen.de/research/projects/hypro/benchmarks-of-continuous-and-hybrid-systems/},
  OPTyear = 	 {},
  OPTnote = 	 {},
  OPTannote = 	 {}
}

@book{spiking,
	author = {Izhikevich, E},
	publisher = {MIT Press},
	title = {Dynamical Systems in Neuroscience},
	year = {2007}
}

. Stabilization of nonholonomic integrators via logic-based switching. In Automatica, volume 35(3), pages 385–393, Elsevier, 1999

@article{nonholonomic,
	author = {J. Hespanha and A. Morse},
	title = {Stabilization of Nonholonomic Integrators via Logic-based Switching},
	journal = {Automatica},
 year = {1999},
 volume = {35},
 number = {3},
 pages = {385--393},
}

@Article{circuit,
author = {M. Rewienski and J. White},
title = {A Trajectory Piecewise-linear Approach to Model Order Reduction and Fast Simulation of Nonlinear Circuits and Micromachined Devices},
journal = {IEEE Trans.\ on Computer-Aided Design of Integrated Circuits and Systems},
year = {2003},
volume = {22},
number = {2},
pages = {155--170},
}

@Article{glycemic,
 author = {M. Fisher},
 title = {A Semiclosed-loop Algorithm for the Control of Blood Glucose Levels in Diabetics},
 journal = {IEEE Trans.\ on Biomedical Engineering},
 year = {1991},
 volume = {38},
 number = {1},
 pages = {57--61},
}

@inproceedings{phaver,
	author    = {Goran Frehse},
	title     = {{PHAVer}: {A}lgorithmic Verification of Hybrid Systems Past {HyTech}},
	booktitle = {Proc.\ of HSCC'05},
	year      = {2005},
	pages     = {258--273},
	series    = lncs,
	volume    = {3414},
	publisher = sv,
}

@inproceedings{keymaera,
	author    = {Andr{\'{e}} Platzer and
		Jan{-}David Quesel},
	title     = {{KeYmaera}: {A} Hybrid Theorem Prover for Hybrid Systems (System Description)},
	booktitle = {Proc.\ of IJCAR'08},
	year      = {2008},
	pages     = {171--178},
	series    = lncs,
	volume    = {5195},
	publisher = sv,
}


@INPROCEEDINGS{keymaerax,
  author    = {Nathan Fulton and
               Stefan Mitsch and
               Jan-David Quesel and
               Marcus V{\"o}lp and
               Andr{\'e} Platzer},
  title     = {{KeYmaera X}: {A}n Axiomatic Tactical Theorem Prover
               for Hybrid Systems},
  booktitle = {Proc. of CADE-25},
  year      = {2015},
  pages     = {527--538},
  publisher = sv,
  series    = lncs,
  volume    = {9195},
}

@Article{isat,
	author =    {Martin Fr{\"a}nzle and Christian Herde and Stefan Ratschan and Tobias Schubert and Tino Teige},
	title     = {Efficient Solving of Large Non-linear Arithmetic Constraint Systems with Complex {Boolean} Structure},
	journal   = {Journal on Satisfiability, Boolean Modeling and Computation},
	volume =    {1},
	pages =     {209--236},
	year      = {2007},
}

@inproceedings{hsolver,
	year={2005},
	isbn={978-3-540-25108-8},
	booktitle={Proc.\ of HSCC'05},
	volume={3414},
	series=lncs,
	title={Safety Verification of Hybrid Systems by Constraint Propagation Based Abstraction Refinement},
	publisher=sv,
	author={Ratschan, Stefan and She, Zhikun},
	pages={573--589},
}

@inproceedings {ariadne,
	AUTHOR = {Collins, Pieter and Bresolin, Davide and Geretti, Luca and Villa, Tiziano},
	TITLE = {Computing the Evolution of Hybrid Systems Using Rigorous Function Calculus},
	BOOKTITLE = {Proc.\ of ADHS'12},
	publisher=ifac,
	YEAR = {2012},
	pages = {284--290},
}


@Misc{hycreate,
 title = {{HyCreate}: {A} Tool for Overapproximating Reachability of Hybrid Automata},
 key = {HyCreate},
 url = {http://stanleybak.com/projects/hycreate/hycreate.html},
}

@article{cora,
	author = {M.~Althoff and J.~M.~Dolan},
	title = {Online Verification of Automated Road Vehicles Using Reachability Analysis},
	journal = {IEEE Transaction on Robotics},
	year = {2014},
	pages = {903--918},
	volume = {30},
	number = {4},
}

@inproceedings{cora_arch,
  author    = {Matthias Althoff},
  title     = {An Introduction to CORA 2015},
  booktitle = {Proc.\ of the 1st and 2nd Int.\ Workshop on Applied veRification for Continuous and Hybrid Systems (ARCH14-15)},
  series    = {EPiC Series in Computer Science},
  volume    = {34},
  pages     = {120--151},
  year      = {2015},
  publisher = {EasyChair},
  bibsource = {EasyChair, http://www.easychair.org},
  issn      = {2040-557X}}

@inproceedings{makhlouf2012,
	author= {Ben Makhlouf, I. and  Diab, H. and Kowalewski, S.},
	title = {Safety Verification of a Controlled
		Cooperative Platoon under Loss of Communication using Zonotopes},
	booktitle= {Proc.\ of ADHS'12},
	pages = {333--338},
	year = {2012},
	publisher = ifac,
}

@inproceedings{Kong+/2015/dreach,
  author    = {S. Kong and S. Gao and W. Chen and E. M. Clarke},
  title     = {{dReach}: {\(\delta\)}-Reachability Analysis for Hybrid Systems},
  booktitle = {Proc.\ of TACAS'15},
  pages     = {200--205},
  year      = {2015},
  volume	= {9035},
  publisher	= sv,
  series	= lncs
}

@incollection{gao2013dreal,
	title={{dReal}: {A}n {SMT} Solver for Nonlinear Theories over the Reals},
	author={Gao, Sicun and Kong, Soonho and Clarke, Edmund M},
	booktitle={Proc.\ of CADE-24},
	pages={208--214},
	year={2013},
	publisher=sv,
        series=lncs,
        volume= {7898},
}

@TechReport{vnodelp,
  title={{VNODE-LP} -- {A} Validated Solver for Initial Value Problems in Ordinary Differential Equations},
  author={Nedialkov, Nedialko S},
  institution =  {Department of Computing and Software, McMaster University, Hamilton, Ontario, Canada},
  year={2006},
  number = 	 {CAS-06-06-NN},
}

@INPROCEEDINGS{henzinger:hybrid,
author={Henzinger, T.A.},
booktitle={Proc.\ of LICS'96},
title={The Theory of Hybrid Automata},
year={1996},
pages={278--292},
xISSN={1043-6871},
publisher = ieee,}

@article{henzinger*:decidable,
title = "What's Decidable about Hybrid Automata?",
journal = "Journal of Computer and System Sciences",
volume = "57",
number = "1",
pages = "94--124",
year = "1998",
note = "",
issn = "0022-0000",
author = "Thomas A. Henzinger and Peter W. Kopke and Anuj Puri and Pravin Varaiya"
}


@phdthesis{isatode,
	title={Direct Handling of Ordinary Differential Equations in Constraint-solving-based Analysis of Hybrid Systems},
	author={Eggers, Andreas},
	year={2014},
	school={Universit{\"a}t Oldenburg, Germany}
}

@article{differentialDynamicLogic,
	year={2008},
	issn={0168-7433},
	journal={Journal of Automated Reasoning},
	volume={41},
	number={2},
	title={Differential Dynamic Logic for Hybrid Systems},
	publisher=sv,
	keywords={Dynamic logic; Differential equations; Sequent calculus; Axiomatisation; Automated theorem proving; Verification of hybrid systems},
	author={Platzer, André},
	pages={143-189},
	language={English}
}

@book{key,
	title={Verification of Object-oriented Software: {T}he {KeY} Approach},
	author={Beckert, Bernhard and H{\"a}hnle, Reiner and Schmitt, Peter H},
	year={2007},
	publisher=sv,
}

@inproceedings{z3,
	Author = {L. M. de Moura and N. Bj{\o}rner},
	Booktitle = {Proc.\ of TACAS'08},
	Pages = {337--340},
	Publisher = sv,
	Series = lncs,
	Title = {{Z3}: {A}n Efficient {SMT} Solver},
	Volume = {4963},
	Year = {2008}}

@MISC{smtlib,
	author = {C. Barrett and A. Stump and C. Tinelli},
	title = {The Satisfiability Modulo Theories Library ({SMT-LIB})},
	howpublished = {{\url{www.SMT-LIB.org}}},
	year = {2010},
	owner = {sirkill},
	timestamp = {2011.03.21}
}

@ARTICLE{redlog,
	author = {A. Dolzmann and T. Sturm},
	title = {{REDLOG}: {C}omputer Algebra Meets Computer Logic},
	journal = sigsam,
	publisher = acm,
	year = {1997},
	volume = {31},
	pages = {2--9},
	number = {2},
	bibdate = {Fri Feb 8 18:27:04 MST 2002},
	OPTbibsource = {http://portal.acm.org/},
	coden = {SIGSBZ},
	issn = {0163-5824},
	issue = {120},
	keywords = {REDUCE},
	owner = {loup},
	timestamp = {2009.07.10}
}

@ARTICLE{qepcad,
	author = {Brown,, Christopher W.},
	title = {{QEPCAD B}: {A} Program for Computing with Semi-Algebraic Sets Using {CAD}s},
	journal = sigsam,
	year = {2003},
	volume = {37},
	pages = {97--108},
	number = {4},
	issn = {0163-5824},
	owner = {loup},
	publisher = acm,
	timestamp = {2009.03.12},
	xxaddress = {New York, NY, USA}
}

@book{mathematica,
	title={The {MATHEMATICA}{\textregistered} book, Version 4},
	author={Wolfram, Stephen},
	year={1999},
	publisher={Cambridge University Press}
}

@inproceedings{ames2005characterization,
  title={Characterization of {Z}eno Behavior in Hybrid Systems using Homological Methods},
  author={Ames, Aaron D and Sastry, Shankar},
  booktitle={Proc.\ ACC'05},
  pages={1160--1165},
  year={2005},
  publisher=ieee,
}


@inproceedings{lygeros2004lecture,
	title={Lecture Notes on Hybrid Systems},
	author={Lygeros, John},
	booktitle={Notes for the ENSIETA'04 Workshop},
	year={2004},
}

@inproceedings{MFK09, 
    title = {Polyhedral Domains and Widening for Verification of Numerical Programs }, 
    author = {Maka, Hitashyam and Frehse, Goran and Krogh, Bruce H.},
    year = {2009},
    booktitle = {NSV-II: Second International Workshop on Numerical Software Verification}
}

@inproceedings{cousot1978automatic,
  title={Automatic discovery of linear restraints among variables of a program},
  author={Cousot, Patrick and Halbwachs, Nicolas},
  booktitle={Proc.\ of SIGACT-SIGPLAN},
  pages={84--96},
  year={1978},
  publisher={ACM}
}

@inproceedings{hyst,
 author = {Bak, Stanley and Bogomolov, Sergiy and Johnson, Taylor T.},
 title = {{HYST}: {A} Source Transformation and Translation Tool for Hybrid Automaton Models},
 booktitle = {Proc.\ of HSCC'15},
 year = {2015},
 isbn = {978-1-4503-3433-4},
 pages = {128--133},
 numpages = {6},
 acmid = {2728630},
 publisher = {ACM},
} 
 
@article{bracketing,
  author    = {Nacim Ramdani and
               Nacim Meslem and
               Yves Candau},
  title     = {A Hybrid Bounding Method for Computing an Over-Approximation for the
               Reachable Set of Uncertain Nonlinear Systems},
  journal   = {{IEEE} Trans. Automat. Contr.},
  volume    = {54},
  number    = {10},
  pages     = {2352--2364},
  year      = {2009},
  timestamp = {Sat, 07 Jul 2012 18:19:34 +0200},
}

@InProceedings{cif,
author={van Beek, D.A. and Fokkink, W.J. and Hendriks, D. and Hofkamp, A. and Markovski, J. and van de Mortel-Fronczak, J.M. and Reniers, M.A.},
title={{CIF} 3: {M}odel-Based Engineering of Supervisory Controllers},
booktitle = 	 {Proc.\ of TACAS'14},
year={2014},
volume={8413},
pages={575-580},
  series = 	 lncs,
  publisher = sv,
}

@inproceedings{probabilistic_rectangular_automata,
	author    = {Jeremy Sproston},
	title     = {Decidable Model Checking of Probabilistic Hybrid Automata},
	booktitle = {Proc.\ of FTRTFT'00},
	pages     = {31--45},
	year      = {2000},
	series    = lncs,
	volume    = {1926},
	publisher = sv,
	isbn      = {3-540-41055-4}
}

@Misc{prohver,
	title = {{ProHVer}: {S}afety verification for probabilistic hybrid systems},
	key = {ProHVer},
	url = {http://depend.cs.uni-sb.de/tools/prohver/},
}

@incollection{sde,
	year={2006},
	isbn={978-3-540-33466-8},
	booktitle={Stochastic Hybrid Systems},
	volume={337},
	series={Lecture Notes in Control and Information Science},
	xxeditor={Blom, HenkA.P. and Lygeros, John},
	title={Toward a General Theory of Stochastic Hybrid Systems},
	publisher=sv,
	author={Bujorianu, ManuelaL. and Lygeros, John},
	pages={3-30}
}

@inproceedings{spatio_temporal_hs,
	author    = {Zhucheng Shao and
		Jing Liu},
	title     = {Spatio-temporal Hybrid Automata for Cyber-Physical Systems},
	booktitle = {Proc.\ of ICTAC'13},
	series    = lncs,
	volume    = {8049},
	pages	  = {337--354},
	publisher = sv,
	year      = {2013},
	isbn      = {978-3-642-39717-2}
}

@phdthesis{girard2004analyse,
	title = {{Algorithmic Analysis of Hybrid Systems}},
	author = {Girard, Antoine},
	school = {{Institut National Polytechnique de Grenoble - INPG, France}},
	year = {2004},
	xmonth = Sep,
	xKeywords = {hybrid systems ; linear differential equation ; periodic execution ; reachability ; optimal control ; wavelets. ; ondelettes ; syst{\`e}mes hybrides ; {\'e}quations diff{\'e}rentielles lin{\'e}aires ; simulation ; ex{\'e}cution p{\'e}riodique ; atteignabilit{\'e} ; approximation ; controle optimal ; ondelettes.},
	xTYPE = {Theses},
	xPDF = {https://tel.archives-ouvertes.fr/tel-00007064/file/tel-00007064.pdf},
	xHAL_ID = {tel-00007064},
	xHAL_VERSION = {v1},
}

@Article{BagnaraHZ08SCP,
	Author = "R. Bagnara and P. M. Hill and E. Zaffanella",
	Title = "The {Parma Polyhedra Library}: Toward a Complete Set of Numerical
	Abstractions for the Analysis and Verification
	of Hardware and Software Systems",
	Journal = "Science of Computer Programming",
	Volume = 72,
	Number = "1--2",
	Pages = "3--21",
	Year = 2008
}

@incollection {polymake,
	AUTHOR = {Gawrilow, Ewgenij and Joswig, Michael},
	TITLE = {polymake: a framework for analyzing convex polytopes},
	BOOKTITLE = {Polytopes -- combinatorics and computation ({O}berwolfach,
		1997)},
	SERIES = {DMV Sem.},
	VOLUME = {29},
	PAGES = {43--73},
	PUBLISHER = {Birkh\"auser, Basel},
	YEAR = {2000},
	MRCLASS = {52B55 (68U05)},
	MRNUMBER = {1785292 (2001f:52033)}
}

	
@INPROCEEDINGS{hyproBenchmarks,
     author = {Chen, Xin and Schupp, Stefan and Ben Makhlouf, Ibtissem and Abraham, Erika and Frehse, Goran and Kowalewski, Stefan},
      title = {A Benchmark Suite for Hybrid Systems Reachability Analysis},
  booktitle = {Proc.\ of NFM'15},
     series = {LNCS},
     volume = {9058},
       year = {2015},
      pages = {408--414},
  publisher = sv
}

@inproceedings{Makino*:rigorous,
 author = {Makino, K. and Berz, M.},
 title = {Rigorous integration of flows and {ODE}s using {T}aylor models},
 booktitle = {Proc.\ of the 2009 Conf.\ on Symbolic Numeric Computation (SNC'09)},
 year = {2009},
 pages = {79--84},
 publisher = acm
}

@article{Makino*:taylorarith,
 author = {K. Makino and M. Berz},
 title = {Taylor models and other validated functional inclusion methods},
 journal = {Int.\ Journal of Pure and Applied Mathematics},
 year = {2003},
 volume = {4},
 number = {4},
 pages = {379--456}
}